@misc{krunimir-task,
  title="Zadání soutěžní úlohy: Želváci",
  howpublished="Zadání Ústředního kola ČR Soutěže v programování",
  url="http://stv.cz/sp/mcr2010z.pdf",
}

@manual{parsec,
  title="Parsec, a fast combinator parser",
  author="Daan Leijen",
  organization="University of Utrecht, Dept. of Computer Science",
  url="http://legacy.cs.uu.nl/daan/download/parsec/parsec.pdf",
  note="[15.2.2013]",
}

@manual{gd,
  title="HackageDB: The gd package",
  author="Bjorn Bringert",
  url="http://hackage.haskell.org/package/gd",
  note="[15.2.2013]",
}
